<?xml version="1.0" encoding="utf-8"?>
<record xmlns="http://www.loc.gov/MARC21/slim" xmlns:xsi="http://www.w3.org/2001/XMLSchema-instance" xsi:schemaLocation="http://www.loc.gov/MARC21/slim http://www.loc.gov/standards/marcxml/schema/MARC21slim.xsd">
	<leader>     nam a22     Mi 4500</leader>
	<controlfield tag="001">b12408049</controlfield>
	<controlfield tag="003">LeBAU</controlfield>
	<controlfield tag="006">m        d        </controlfield>
	<controlfield tag="007">cr cn |||m|||a</controlfield>
	<controlfield tag="008">200522s1954    ua      ob    ||0 0 ara d</controlfield>
	<datafield ind1=" " ind2=" " tag="040">
		<subfield code="a">ZYU</subfield>
		<subfield code="b">ara</subfield>
		<subfield code="e">rda</subfield>
		<subfield code="c">ZYU</subfield>
	</datafield>
	<datafield ind1="0" ind2="4" tag="082">
		<subfield code="a">330.962</subfield>
		<subfield code="2">20</subfield>
	</datafield>
	<datafield ind1="1" ind2=" " tag="100">
		<subfield code="6">880-01</subfield>
		<subfield code="a">Rabīʻ, Ḥasan Muḥammad,</subfield>
		<subfield code="e">author.</subfield>
	</datafield>
	<datafield ind1="1" ind2="0" tag="245">
		<subfield code="6">880-02</subfield>
		<subfield code="a">Miṣr bayna ʻahdayn :</subfield>
		<subfield code="b">baḥth iqtiṣādī wa-ijtimāʻī wa-siyāsī ʻan Miṣr /</subfield>
		<subfield code="c">Ḥasan Muḥammad Rabīʻ, bakālūryūs Kullīyat al-Tijārah - Jāmiʻat al-Qāhirah, wa-mudarris al-ʻulūm al-tijārīyah wa-al-iqtiṣādīyah bi-Thānawīyat al-Tijārah - Baghdād.</subfield>
	</datafield>
	<datafield ind1=" " ind2="1" tag="264">
		<subfield code="6">880-03</subfield>
		<subfield code="a">al-Qāhirah :</subfield>
		<subfield code="b">Maṭbaʻat Lajnāt al-Bayān al-ʻArabī,</subfield>
		<subfield code="c">1954.</subfield>
	</datafield>
	<datafield ind1=" " ind2=" " tag="300">
		<subfield code="6">880-04</subfield>
		<subfield code="a">online resource (1 volume (207 pages))</subfield>
	</datafield>
	<datafield ind1=" " ind2=" " tag="336">
		<subfield code="a">text</subfield>
		<subfield code="2">rdacontent</subfield>
	</datafield>
	<datafield ind1=" " ind2=" " tag="337">
		<subfield code="a">computer</subfield>
		<subfield code="2">rdamedia</subfield>
	</datafield>
	<datafield ind1=" " ind2=" " tag="338">
		<subfield code="a">online resource</subfield>
		<subfield code="2">rdacarrier</subfield>
	</datafield>
	<datafield ind1=" " ind2=" " tag="500">
		<subfield code="a">من المرجح أنه لم يتم إصدار أي جزء آخر من الكتاب.</subfield>
	</datafield>
	<datafield ind1=" " ind2=" " tag="500">
		<subfield code="a">Part of the Arabic Collections Online (ACO) project, contributed by American University of Beirut's Jafet Memorial Library.</subfield>
	</datafield>
	<datafield ind1=" " ind2=" " tag="504">
		<subfield code="a">يتضمن مراجع ببليوغرافية.</subfield>
	</datafield>
	<datafield ind1="0" ind2=" " tag="505">
		<subfield code="a">الجزء الأول. مصر قبل الثالث والعشرين من يوليو 1952.</subfield>
	</datafield>
	<datafield ind1=" " ind2=" " tag="533">
		<subfield code="a">Electronic reproduction.</subfield>
		<subfield code="b">New York, N.Y. :</subfield>
		<subfield code="c">New York University,</subfield>
		<subfield code="d">2020.</subfield>
		<subfield code="5">NNU</subfield>
	</datafield>
	<datafield ind1=" " ind2=" " tag="590">
		<subfield code="a">في المكتبة: الجزء 1.</subfield>
	</datafield>
	<datafield ind1=" " ind2="4" tag="651">
		<subfield code="a">مصر</subfield>
		<subfield code="x">الأحوال الإقتصادية</subfield>
		<subfield code="y">1919-1952.</subfield>
	</datafield>
	<datafield ind1=" " ind2="4" tag="651">
		<subfield code="a">مصر</subfield>
		<subfield code="x">الاحوال الاجتماعية</subfield>
		<subfield code="y">1919-1952.</subfield>
	</datafield>
	<datafield ind1=" " ind2="4" tag="651">
		<subfield code="a">مصر</subfield>
		<subfield code="x">السياسة والحكومة</subfield>
		<subfield code="y">1919-1952.</subfield>
	</datafield>
	<datafield ind1=" " ind2="0" tag="651">
		<subfield code="a">Egypt</subfield>
		<subfield code="x">Economic conditions</subfield>
		<subfield code="y">1919-1952.</subfield>
	</datafield>
	<datafield ind1=" " ind2="0" tag="651">
		<subfield code="a">Egypt</subfield>
		<subfield code="x">Social conditions</subfield>
		<subfield code="y">1919-1952.</subfield>
	</datafield>
	<datafield ind1=" " ind2="0" tag="651">
		<subfield code="a">Egypt</subfield>
		<subfield code="x">Politics and government</subfield>
		<subfield code="y">1919-1952.</subfield>
	</datafield>
	<datafield ind1="2" ind2=" " tag="710">
		<subfield code="a">Jafet Memorial Library.</subfield>
	</datafield>
	<datafield ind1="0" ind2=" " tag="730">
		<subfield code="a">Arabic Collections Online.</subfield>
	</datafield>
	<datafield ind1="0" ind2="8" tag="776">
		<subfield code="i">Print version:</subfield>
		<subfield code="a">Rabīʻ, Ḥasan Muḥammad, author.</subfield>
		<subfield code="t">Miṣr bayna ʻahdayn</subfield>
		<subfield code="w">(LeBAU)b12408049</subfield>
	</datafield>
	<datafield ind1="4" ind2="0" tag="856">
		<subfield code="u">http://hdl.handle.net/2333.1/tht76t9g</subfield>
	</datafield>
	<datafield ind1="1" ind2=" " tag="880">
		<subfield code="6">100-01</subfield>
		<subfield code="a">ربيع، حسن محمد،</subfield>
		<subfield code="e">مؤلف. </subfield>
		<subfield code="4">aut.</subfield>
	</datafield>
	<datafield ind1="1" ind2="0" tag="880">
		<subfield code="6">245-02</subfield>
		<subfield code="a">مصر بين عهدين :</subfield>
		<subfield code="b">بحث إقتصادي وإجتماعي وسياسي عن مصر /</subfield>
		<subfield code="c">حسن محمد ربيع، بكالوريوس كلية التجارة - جامعة القاهرة، ومدرس العلوم التجارية والإقتصادية بثانوية التجارة - بغداد.</subfield>
	</datafield>
	<datafield ind1=" " ind2="1" tag="880">
		<subfield code="6">264-03</subfield>
		<subfield code="a">القاهرة :</subfield>
		<subfield code="b">مطبعة لجنة البيان العربي،</subfield>
		<subfield code="c">1954.</subfield>
	</datafield>
	<datafield ind1=" " ind2=" " tag="880">
		<subfield code="6">300-04</subfield>
		<subfield code="a">1 جزء (207 صفحات) ؛</subfield>
		<subfield code="c">24 سم</subfield>
	</datafield>
	<datafield ind1=" " ind2=" " tag="959">
		<subfield code="a">NNU</subfield>
		<subfield code="b">WEB</subfield>
		<subfield code="c">GENI</subfield>
		<subfield code="t">0</subfield>
		<subfield code="m">Electronic access</subfield>
		<subfield code="s">01</subfield>
	</datafield>
	<datafield ind1=" " ind2=" " tag="999">
		<subfield code="i">LeBAU_b12408049</subfield>
		<subfield code="s">aub_aco003370:v.1</subfield>
		<subfield code="e">(ERROR-MISC)</subfield>
	</datafield>
</record>
